@article{
year={2011},
issn={1996-3599},
journal={Building Simulation},
volume={4},
number={2},
doi={10.1007/s12273-011-0044-5},
title={A novel approach for building occupancy simulation},
url={http://dx.doi.org/10.1007/s12273-011-0044-5},
publisher={Tsinghua Press},
keywords={building occupancy; occupant movement; stochastic process; Markov chain; energy simulation},
author={Wang, Chuang and Yan, Da and Jiang, Yi},
pages={149-167},
language={English}
}
