@inproceedings{Erickson:2009:EEB:1810279.1810284,
 author = {Erickson, Varick L. and Lin, Yiqing and Kamthe, Ankur and Brahme, Rohini and Surana, Amit and Cerpa, Alberto E. and Sohn, Michael D. and Narayanan, Satish},
 title = {Energy Efficient Building Environment Control Strategies Using Real-time Occupancy Measurements},
 booktitle = {Proceedings of the First ACM Workshop on Embedded Sensing Systems for Energy-Efficiency in Buildings},
 series = {BuildSys '09},
 year = {2009},
 isbn = {978-1-60558-824-7},
 location = {Berkeley, California},
 pages = {19--24},
 numpages = {6},
 url = {http://doi.acm.org/10.1145/1810279.1810284},
 doi = {10.1145/1810279.1810284},
 acmid = {1810284},
 publisher = {ACM},
 address = {New York, NY, USA},
}