@inproceedings{Erickson:2010:OBD:1878431.1878434,
 author = {Erickson, Varick L. and Cerpa, Alberto E.},
 title = {Occupancy Based Demand Response HVAC Control Strategy},
 booktitle = {Proceedings of the 2Nd ACM Workshop on Embedded Sensing Systems for Energy-Efficiency in Building},
 series = {BuildSys '10},
 year = {2010},
 isbn = {978-1-4503-0458-0},
 location = {Zurich, Switzerland},
 pages = {7--12},
 numpages = {6},
 url = {http://doi.acm.org/10.1145/1878431.1878434},
 doi = {10.1145/1878431.1878434},
 acmid = {1878434},
 publisher = {ACM},
 address = {New York, NY, USA},
 keywords = {HVAC, demand response, energy savings, occupancy, ventilation},
}