@ARTICLE{bowman:reasoning,
	AUTHOR = "Mic Bowman and Saumya K. Debray and Larry L. Peterson",
	TITLE = "Reasoning About Naming Systems",
	JOURNAL = "ACM Trans. Program. Lang. Syst.",
	VOLUME = {15},
	NUMBER = {5},
	PAGES = {795-825},
	MONTH = "November",
	YEAR = {1993}	}

@ARTICLE{braams:babel,
	AUTHOR = "Johannes Braams",
	TITLE = "Babel, a Multilingual Style-Option System for Use with LaTeX's Standard Document Styles",
	JOURNAL = {TUGboat},
	VOLUME = {12},
	NUMBER = {2},
	PAGES = {291-301},
	MONTH = "June",
	YEAR = {1991}	}

@INPROCEEDINGS{clark:pct,
	AUTHOR = "Malcolm Clark",
	TITLE = "Post Congress Tristesse",
	BOOKTITLE = "TeX90 Conference Proceedings",
	PAGES = "84-89",
	ORGANIZATION = "TeX Users Group",
	MONTH = "March", 
	YEAR = {1991}	}

@ARTICLE{herlihy:methodology,
	AUTHOR = "Maurice Herlihy",
	TITLE = "A Methodology for Implementing Highly Concurrent
	Data Objects",
	JOURNAL = {ACM Trans. Program. Lang. Syst.},
	VOLUME = {15},
	NUMBER = {5},
	PAGES = {745-770},
	MONTH = "November",
	YEAR = {1993}	}

@BOOK{Lamport:LaTeX,
	AUTHOR = "Leslie Lamport",
	TITLE = "LaTeX User's Guide and Document Reference Manual",
	PUBLISHER = "Addison-Wesley Publishing Company",
	ADDRESS = "Reading, Massachusetts",
	YEAR = "1986"	}

@BOOK{salas:calculus,
	AUTHOR = "S.L. Salas and Einar Hille",
	TITLE = "Calculus: One and Several Variable",
	PUBLISHER = "John Wiley and Sons",
	ADDRESS = "New York",
	YEAR = "1978"	}


@article{ref:Wang2011,
year={2011},
issn={1996-3599},
journal={Building Simulation},
volume={4},
number={2},
doi={10.1007/s12273-011-0044-5},
title={A novel approach for building occupancy simulation},
url={http://dx.doi.org/10.1007/s12273-011-0044-5},
publisher={Tsinghua Press},
keywords={building occupancy; occupant movement; stochastic process; Markov chain; energy simulation},
author={Wang, Chuang and Yan, Da and Jiang, Yi},
pages={149-167},
language={English}
}

@inproceedings{ref:Erickson:2009,
 author = {Erickson, Varick L. and Lin, Yiqing and Kamthe, Ankur and others},
 title = {Energy Efficient Building Environment Control Strategies Using Real-time Occupancy Measurements},
 booktitle = {Proceedings of the First ACM Workshop on Embedded Sensing Systems for Energy-Efficiency in Buildings},
 series = {BuildSys '09},
 year = {2009},
 pages = {19--24},
 numpages = {6},
 
}

@inproceedings{ref:Erickson:2010,
 author = {Erickson, Varick L. and Cerpa, Alberto E.},
 title = {Occupancy Based Demand Response HVAC Control Strategy},
 booktitle = {Proceedings of the 2Nd ACM Workshop on Embedded Sensing Systems for Energy-Efficiency in Building},
 series = {BuildSys '10},
 year = {2010},
 isbn = {978-1-4503-0458-0},
 pages = {7--12},
 numpages = {6},
 
}