%Jones, R., "Quantitative Effects of Acceleration Rate on Fuel Consumption", PB-80-191299, U.S. Environment Protection Agency, Ann Arbor, MI, April 1980.

@TECHREPORT{ Jones:EPA:1980,
  AUTHOR = {Jones, R.},
  TITLE = {Quantitative Effects of Acceleration Rate on Fuel Consumption},
  INSTITUTION =   {U.S. Environment Protection Agency, Ann Arbor, MI},
  MONTH =         {April},
  YEAR  =         {1980}
}
%Berry, I., “The Effects of Driving Style and Vehicle Performance on the Real-World Fuel Consumption of U.S. Light-Duty Vehicles”, Masters thesis, Massachusetts Institute of Technology, Cambridge, MA, February 2010.

@mastersthesis{Berry:MIT:2010,
  author       = {Berry, I.}, 
  title        = {The Effects of Driving Style and Vehicle Performance on the Real-World Fuel Consumption of U.S. Light-Duty Vehicles},
  school       = { Massachusetts Institute of Technology},
  year         = 2010,
  address      = {Cambridge, MA},
  month        = 2,
}


%Dominique Guinard, Iulia Ion, and Simon Mayer, “In Search of an Internet of Things Service Architecture: REST or WS-*? A Developers’ Perspective,” presented at the Proceedings of Mobiquitous 2011 (8th International ICST Conference on Mobile and Ubiquitous Systems), Copenhagen, Denmark, 2011, pp. 326–337.

@conference{Guinard:ICST:2011,
  author       = {Guinard, D. and Ion,  I. and Mayer, S.}, 
  title        = {In Search of an Internet of Things Service Architecture: REST or WS-*? A Developers' Perspective},
  booktitle    = {Proceedings of Mobiquitous 2011 (8th International ICST Conference on Mobile and Ubiquitous Systems},
  year         = 2011,
  pages        = {326-337},
  address      = {Copenhagen, Denmark}
}



%Daekyun Kim, Huei Peng ; Bai, S. ; Maguire, J.M.  "Control of Integrated Powertrain With Electronic Throttle and Automatic Transmission" Control Systems Technology, IEEE Transactions on,  2007, 15:3, pp. 474-482  

@article{Daekyun:IEEECST:2007,
  author  = {Kim, D. and Peng, H. and Bai, S. and Maguire, J.M.}, 
  title   = {Control of Integrated Powertrain With Electronic Throttle and Automatic Transmission},
  journal = {Control Systems Technology, IEEE Transactions on},
  year    = 2007,
  number  = 2,
  pages   = {474-482},
  volume  = 15
}


%Boriboonsomsin, K. ; Barth, M.J. ; Weihua Zhu ; Vu, A. "Eco-Routing Navigation System Based on Multisource Historical and Real-Time Traffic Information" Intelligent Transportation Systems, IEEE Transactions on, 2012, 13:4, pp. 1694-1704
@article{Boriboonsomsin:IEEEITS:2012,
  author  = {Boriboonsomsin, K. and Barth, M.J. and Zhu, W. and Vu, A}, 
  title   = {Eco-Routing Navigation System Based on Multisource Historical and Real-Time Traffic Information},
  journal = {Intelligent Transportation Systems, IEEE Transactions on},
  year    = 2012,
  number  = 4,
  pages   = {1694-1704},
  volume  = 13
}
%Venhovens, P., Bernasch, J., Löwenau, J., Rieker, H. et al., "The Application of Advanced Vehicle Navigation in BMW Driver Assistance Systems," SAE Technical Paper 1999-01-0490, 1999, doi:10.4271/1999-01-0490.
@conference{Venhovens:SAE:1999,
  author       = {Venhovens, P. and Bernasch, J. and Löwenau, J. and Rieker, H. et al.}, 
  title        = {The Application of Advanced Vehicle Navigation in BMW Driver Assistance Systems},
  booktitle    = {SAE Technical Paper},
  year         = 1999,
  address      = {Detroit, MI},
}
%Connected Car Consortium "MirrorLink" Homepage. www.mirrorlink.com/‎. Accessed: Dec. 6 2013
@misc{CCC:WP:2013,
  author       = {Connected Car Consortium}, 
  title        = {MirrorLink  Homepage},
  howpublished = {Web page at \url{www.mirrorlink.com/}},
  month        = 12,
  year         = 2013,
  note         = {}
}

%Wang, Yin,  et al CrowdAtlas: Self-Updating Maps for Cloud and Personal Use
http://web.eecs.umich.edu/~yinw/publication/mobisys13-final.pdf

@inproceedings{DBLP:conf/mobisys/WangLWFCZ13,
  author    = {Yin Wang and Xuemei Liu and Hong Wei and George Forman and Chao Chen and Yanmin Zhu},
  title     = {CrowdAtlas: self-updating maps for cloud and personal use},
  booktitle = {MobiSys},
  year      = {2013},
  pages     = {27-40}
}

@inproceedings{You:2013:CAA:2462456.2465428,
 author = {You, Chuang-Wen and Lane, Nicholas D. and Chen, Fanglin and Wang, Rui and Chen, Zhenyu and Bao, Thomas J. and Montes-de-Oca, Martha and Cheng, Yuting and Lin, Mu and Torresani, Lorenzo and Campbell, Andrew T.},
 title = {CarSafe App: Alerting Drowsy and Distracted Drivers Using Dual Cameras on Smartphones},
 booktitle = {Proceeding of the 11th Annual International Conference on Mobile Systems, Applications, and Services},
 series = {MobiSys '13},
 year = {2013},
 isbn = {978-1-4503-1672-9},
 location = {Taipei, Taiwan},
 pages = {13--26},
 numpages = {14},
 url = {http://doi.acm.org/10.1145/2462456.2465428},
 doi = {10.1145/2462456.2465428},
 acmid = {2465428},
 publisher = {ACM},
 address = {New York, NY, USA},
 keywords = {driver safety, dual-camera sensing, smartphone sensing},
} 

%Balan et al Real-time trip information service for a large taxi fleet (PAYWALLED – at least for the SUTD&MIT) http://dl.acm.org/citation.cfm?id=2000006

@inproceedings{Balan:2011:RTI:1999995.2000006,
 author = {Balan, Rajesh Krishna and Nguyen, Khoa Xuan and Jiang, Lingxiao},
 title = {Real-time Trip Information Service for a Large Taxi Fleet},
 booktitle = {Proceedings of the 9th International Conference on Mobile Systems, Applications, and Services},
 series = {MobiSys '11},
 year = {2011},
 isbn = {978-1-4503-0643-0},
 location = {Bethesda, Maryland, USA},
 pages = {99--112},
 numpages = {14},
 url = {http://doi.acm.org/10.1145/1999995.2000006},
 doi = {10.1145/1999995.2000006},
 acmid = {2000006},
 publisher = {ACM},
 address = {New York, NY, USA},
 keywords = {history-based predictions, nearest neighbour queries, partition-based predictions, taxi fleets, trip information service},
}


%Wang. Yan, et al Sensing Vehicle Dynamics for Determining Driver Phone Use
http://www.winlab.rutgers.edu/~gruteser/papers/paper_CR.pdf

@inproceedings{Wang:2013:SVD:2462456.2464447,
 author = {Wang, Yan and Yang, Jie and Liu, Hongbo and Chen, Yingying and Gruteser, Marco and Martin, Richard P.},
 title = {Sensing Vehicle Dynamics for Determining Driver Phone Use},
 booktitle = {Proceeding of the 11th Annual International Conference on Mobile Systems, Applications, and Services},
 series = {MobiSys '13},
 year = {2013},
 isbn = {978-1-4503-1672-9},
 location = {Taipei, Taiwan},
 pages = {41--54},
 numpages = {14},
 url = {http://doi.acm.org/10.1145/2462456.2464447},
 doi = {10.1145/2462456.2464447},
 acmid = {2464447},
 publisher = {ACM},
 address = {New York, NY, USA},
 keywords = {accelerometer, driver phone detection, driving safety, gyroscope, smartphone},
}

%Reference: http://www.topspeed.com/cars/buick/2011-buick-regal-ar81554.html 
@misc{BK:WP:2013,
  author       = {TopSpeed}, 
  title        = {2011 Buick Regal Specifications},
  howpublished = {Web page at \url{http://www.topspeed.com/cars/buick/2011-buick-regal-ar81554.html}},
  month        = 12,
  year         = 2013,
  note         = {}
}
%website CloudThink www.cloud-think.com 
@misc{CT:WP:2013,
  author       = {CloudThink Consortium}, 
  title        = {CloudThink  Homepage},
  howpublished = {Web page at \url{http://www.cloud-think.com}},
  month        = 12,
  year         = 2013,
  note         = {}
}

%website CarKnow  http://www.carknow.me/ 
@misc{CK:WP:2013,
  author       = {Siegel, J.}, 
  title        = {CarKnow  Homepage},
  howpublished = {Web page at \url{http://www.carknow.me/}},
  month        = 12,
  year         = 2013,
  note         = {}
}
%website Android OBD Reader http://github.com/pires/android-obd-reader
@misc{gitobdreader,
  title        = {pires/android-obd-reader · GitHub},
  howpublished = {Web pag at \url{http://github.com/pires/android-obd-reader}},
  month        = 10,
  year         = 2013,
  note         = {}
}

@misc{lightner2013,
  author       = {Lighter, Bruce D.}, 
  title        = {MAP- and MAF-Based Air/Fuel Flow Calculator},
  howpublished = {Web page at \url{http://www.lightner.net/obd2guru/IMAP_AFcalc.html}},
  month        = 10,
  year         = 2013,
  note         = {}
}

%Hull, B. et al “Cartel” http://citeseerx.ist.psu.edu/viewdoc/summary?doi=10.1.1.116.7786 
@INPROCEEDINGS{Hull06cartel:a,
    author = {Bret Hull and Vladimir Bychkovsky and Yang Zhang and Kevin Chen and Michel Goraczko and Allen Miu and Eugene Shih and Hari Balakrishnan and Samuel Madden},
    title = {Cartel: a distributed mobile sensor computing system},
    booktitle = {In 4th ACM SenSys},
    year = {2006},
    pages = {125-138}
}
%Heywood, John B.  1989. Internal Combustion Engine Fundamentals, New York: Mcgraw-Hill Ise.
@book{heywood1988internal,
  title={Internal combustion engine fundamentals},
  author={Heywood, J.B.},
  isbn={9780070286375},
  lccn={lc87015251},
  series={McGraw-Hill series in mechanical engineering},
  url={http://books.google.com.sg/books?id=u9FSAAAAMAAJ},
  year={1988},
  publisher={McGraw-Hill}
}

%Hai, Yu, et al Driving pattern identification for EV range estimation
http://ieeexplore.ieee.org/xpl/login.jsp?tp=&arnumber=6183207&url=http%3A%2F%2Fieeexplore.ieee.org%2Fxpls%2Fabs_all.jsp%3Farnumber%3D6183207
@INPROCEEDINGS{6183207,
author={Hai Yu and Finn Tseng and McGee, R.},
booktitle={Electric Vehicle Conference (IEVC), 2012 IEEE International},
title={Driving pattern identification for EV range estimation},
year={2012},
pages={1-7},
doi={10.1109/IEVC.2012.6183207},}

%Sivaramnakrishnan Srinivasan et al,  Methodology for Converting GPS Navigational Streams to the Travel-Diary Data Format
http://www.ce.utexas.edu/prof/bhat/ABSTRACTS/Srinivasan_Bricka_Bhat.doc 
@TECHREPORT{Srinivasan:GPSConversion:2009,
  AUTHOR = {S. Srinivasan and S. Bricka and C.R. Bhat},
  TITLE = {Methodology for Converting GPS Navigational Streams to the Travel-Diary Data Format},
  INSTITUTION =   {Department of Civil and Coastal Engineering, University of Florida},
  MONTH =         {August},
  YEAR  =         {2009}
}

%General Motors "Onstar" corporate website, https://www.onstar.com/web/portal/home?g=1 accessed Dec. 9, 2013

@misc{GM:WP:2013,
  author       = {General Motors}, 
  title        = {Onstar corporate website},
  howpublished = {Web page at \url{https://www.onstar.com/web/portal/home?g=1}},
  month        = 12,
  year         = 2013,
  note         = {}
}

%BMW Connected Drive Vision http://www.bmwgroup.com/e/0_0_www_bmwgroup_com/forschung_entwicklung/technologie/bmw_vision_connected_drive_/_pdf/BMW_Vision_ConnectedDrive_EN.pdf accessed Dec. 9 2013

@misc{BMW:WP:2013,
  author       = {BMW}, 
  title        = {Connected Drive Vision},
  howpublished = {Web page at \url{http://www.bmwgroup.com/e/0_0_www_bmwgroup_com/forschung_entwicklung/technologie/bmw_vision_connected_drive_/_pdf/BMW_Vision_ConnectedDrive_EN.pdf}},
  month        = 12,
  year         = 2013,
  note         = {}
}


@inproceedings{Vlachos:Trajectories:2002,
  author    = {Michail Vlachos and Dimitrios Gunopulos and George Kollios},
  title     = {Discovering Similar Multidimensional Trajectories},
  booktitle = {ICDE},
  year      = {2002},
  pages     = {673-684},
}

@inproceedings{ McGee:Prediction:2011,
  title={Contextual on-board learning and prediction of vehicle destinations},
  author={Filev, Dimitar and Tseng, Fling and Kristinsson, J{\'o}hannes and McGee, Ryan},
  booktitle={Computational Intelligence in Vehicles and Transportation Systems (CIVTS), 2011 IEEE Symposium on},
  pages={87--91},
  year={2011},
  organization={IEEE}
}


@inproceedings{Goemans,
  author = {Goemans, Michel X. and Williamson, David P.},
  title = {A general approximation technique for constrained forest problems},
  booktitle = {Proceedings of the third annual ACM-SIAM symposium on Discrete algorithms},
  series = {SODA '92},
  year = {1992},
  isbn = {0-89791-466-X},
  location = {Orlando, Florida, USA},
  pages = {307--316},
  numpages = {10},
  url = {http://dl.acm.org/citation.cfm?id=139404.139468},
  acmid = {139468},
  publisher = {Society for Industrial and Applied Mathematics},
  address = {Philadelphia, PA, USA},
} 
@book{strang2006linear,
  title={Linear algebra and its applications},
  author={Strang, G.},
  isbn={9780030105678},
  lccn={2005923623},
  url={http://books.google.ae/books?id=8QVdcRJyL2oC},
  year={2006},
  publisher={Thomson Brooks/Cole Cengage learning}
}
@article{dooly,
 author = {Dooly, Daniel R. and Goldman, Sally A. and Scott, Stephen D.},
 title = {On-line analysis of the TCP acknowledgment delay problem},
 journal = {J. ACM},
 issue_date = {March 2001},
 volume = {48},
 number = {2},
 month = mar,
 year = {2001},
 issn = {0004-5411},
 pages = {243--273},
 numpages = {31},
 url = {http://doi.acm.org/10.1145/375827.375843},
 doi = {10.1145/375827.375843},
 acmid = {375843},
 publisher = {ACM},
 address = {New York, NY, USA},
 keywords = {Internet traffic simulations, Transmission Control Protocol (TCP), acknowledgment delay problem, competitive analysis, lookahead},
} 

@conference{rodgersetal2013,
  author       = {Rodgers, L. and Wilhelm, E. and Frey, D.}, 
  title        = {Conventional and Novel Methods for Estimating an Electric Vehicle’s ‘Distance to Empty’},
  booktitle    = {Proceedings of the ASME 2013 International Design Engineering Technical Conferences and the International Conference on Advanced Vehicle Technologies },
  year         = 2013,
  address      = {Portland, Oregon, USA},
}

@book{freund2006,
  title={Regression Analysis},
  author={Freund, R.J. and Wilson, W.J. and Sa, P.},
  isbn={9780080522975},
  series={Regression Analysis Series},
  url={http://books.google.ae/books?id=Us4YE8lJVYMC},
  year={2006},
  publisher={Elsevier Science}
}
